<record><leader>00000cas a22000007a 4500</leader><controlfield tag="001">10127308</controlfield><controlfield tag="008">831114d18581868meuwr ne      0    0eng d</controlfield><datafield ind1=" " ind2=" " tag="010"><subfield code="a">sn 83021376 </subfield></datafield><datafield ind1=" " ind2=" " tag="040"><subfield code="a">NPX</subfield><subfield code="b">eng</subfield><subfield code="c">NPX</subfield><subfield code="d">MBN</subfield><subfield code="d">OCL</subfield><subfield code="d">OCLCQ</subfield><subfield code="d">OCLCF</subfield><subfield code="d">OCLCO</subfield></datafield><datafield ind1="1" ind2=" " tag="029"><subfield code="a">AU@</subfield><subfield code="b">000020226184</subfield></datafield><datafield ind1=" " ind2=" " tag="042"><subfield code="a">msc</subfield></datafield><datafield ind1=" " ind2=" " tag="043"><subfield code="a">n-us-me</subfield></datafield><datafield ind1="0" ind2="0" tag="245"><subfield code="a">Democrat and free press.</subfield></datafield><datafield ind1=" " ind2=" " tag="260"><subfield code="a">Rockland, Me. :</subfield><subfield code="b">A. &amp; E. Sprague</subfield></datafield><datafield ind1=" " ind2=" " tag="300"><subfield code="a">v. ;</subfield><subfield code="c">70 cm.</subfield></datafield><datafield ind1=" " ind2=" " tag="310"><subfield code="a">Weekly</subfield></datafield><datafield ind1="0" ind2=" " tag="362"><subfield code="a">Vol. 3, no. 20 (Mar. 10, 1858)-v. 13, no. 34 (June 3, 1868).</subfield></datafield><datafield ind1=" " ind2=" " tag="500"><subfield code="a">Editor: E. Sprague.</subfield></datafield><datafield ind1=" " ind2=" " tag="580"><subfield code="a">Formed by the union of: United States Democrat, and: Maine free press (Belfast, Me.).</subfield></datafield><datafield ind1=" " ind2="0" tag="651"><subfield code="a">Rockland (Me.)</subfield><subfield code="v">Newspapers.</subfield></datafield><datafield ind1=" " ind2="7" tag="655"><subfield code="a">Newspapers.</subfield><subfield code="2">fast</subfield><subfield code="0">(OCoLC)fst01423814</subfield></datafield><datafield ind1=" " ind2="7" tag="651"><subfield code="a">Maine</subfield><subfield code="z">Rockland.</subfield><subfield code="2">fast</subfield><subfield code="0">(OCoLC)fst01223542</subfield></datafield><datafield ind1="1" ind2=" " tag="700"><subfield code="a">Sprague, Edwin.</subfield></datafield><datafield ind1=" " ind2=" " tag="752"><subfield code="a">United States</subfield><subfield code="b">Maine</subfield><subfield code="c">Knox</subfield><subfield code="d">Rockland.</subfield></datafield><datafield ind1="1" ind2="4" tag="780"><subfield code="t">United States Democrat</subfield><subfield code="w">(DLC)sn 83016054</subfield></datafield><datafield ind1="1" ind2="4" tag="780"><subfield code="t">Maine free press (Belfast, Me.)</subfield><subfield code="w">(DLC)sn 82014636</subfield></datafield><datafield ind1="0" ind2="0" tag="785"><subfield code="t">Rockland free press</subfield><subfield code="w">(DLC)sn 83021377</subfield></datafield><datafield ind1=" " ind2=" " tag="936"><subfield code="a">1865 Sept. 13</subfield></datafield></record>